@misc{Dietrich2014,
  Author = {J\"{o}rg Dietrich},
  Year = {2014},
  howpublished = {\href{http://joergdietrich.github.io/quantitative-data-disagreement.html}{How Much Do My Measurements Disagree?}}
}

@misc{DiValentino2020,
  Author = {Eleonora Di Valentino and Luis A. Anchordoqui and Ozgur Akarsu and others},
  Title = {Cosmology Intertwined II: The Hubble Constant Tension},
  Year = {2020},
  Eprint = {arXiv:2008.11284},
}

@misc{DiValentino2021,
Author = {Eleonora Di Valentino and Olga Mena and Supriya Pan and others},
Title = {In the Realm of the Hubble tension $-$ a Review of Solutions},
Year = {2021},
Eprint = {arXiv:2103.01183},
}

@article{Einstein1916,
  year = {1916},
  volume = {4},
  number = {49},
  pages = {769–822},
  author = {Albert Einstein},
  title = {The Foundation of the General Theory of Relativity},
  journal = {Annalen der Physik}
}

@article{Einstein1917,
  year = {1917},
  volume = {1917},
  pages = {142–152},
  author = {Albert Einstein},
  title = {Cosmological Considerations in the General Theory of Relativity },
  journal = {Preussische Akademie der Wissenschaften}
}

@article{Escudero2019,
  doi = {10.1007/jhep03(2019)071},
  url = {https://doi.org/10.1007/jhep03(2019)071},
  year = {2019},
  month = mar,
  publisher = {Springer Science and Business Media {LLC}},
  volume = {2019},
  number = {3},
  author = {Miguel Escudero and Dan Hooper and Gordan Krnjaic and Mathias Pierre},
  title = {Cosmology with a very light {$L_\mu - L_\tau$} gauge boson},
  journal = {Journal of High Energy Physics}
}

@article{Friedman1922,
  doi = {10.1007/bf01332580},
  url = {https://doi.org/10.1007/bf01332580},
  year = {1922},
  month = dec,
  volume = {10},
  number = {1},
  pages = {377--386},
  author = {A. Friedman},
  title = {\"{U}ber die Kr\"{u}mmung des Raumes},
  journal = {Zeitschrift f\"{u}r Physik}
}

@article{Hubble1929,
  doi = {10.1073/pnas.15.3.168},
  url = {https://doi.org/10.1073/pnas.15.3.168},
  year = {1929},
  month = mar,
  publisher = {Proceedings of the National Academy of Sciences},
  volume = {15},
  number = {3},
  pages = {168--173},
  author = {E. Hubble},
  title = {A relation between distance and radial velocity among extra-galactic nebulae},
  journal = {Proceedings of the National Academy of Sciences}
}

@article{Kamionkowski1999,
  doi = {10.1146/annurev.nucl.49.1.77},
  url = {https://doi.org/10.1146/annurev.nucl.49.1.77},
  year = {1999},
  month = dec,
  publisher = {Annual Reviews},
  volume = {49},
  number = {1},
  pages = {77--123},
  author = {Marc Kamionkowski and Arthur Kosowsky},
  title = {The Cosmic Microwave Background and Particle PHysics},
  journal = {Annual Review of Nuclear and Particle Science}
}

@article{Leavitt1912,
  year = 1912,
  month = mar,
  author = {Leavitt, Henrietta S. and Pickering, Edward C.},
  volume = 173,
  pages = {1-3},
  title = {Periods of 25 Variable Stars in the Small Magellanic Cloud},
  journal =  {Harvard College Observatory Circular}
}

@article{Lemaitre1927,
  year = {1927},
  journal = {Annales de la Société Scientifique de Bruxelles},
  volume = {A47},
  pages = {49–56},
  title = {A homogeneous universe of constant mass and increasing radius accounting for the radial speed of extra-galactic nebulae},
  Author = {Lema\^{i}tre, Georges }
}

@article{Muon2021,
  title = {Measurement of the Positive Muon Anomalous Magnetic Moment to 0.46 ppm},
  author = {B. Abi and T. Albahri and S. Al-Kilani and others},
  collaboration = {Muon $g\ensuremath{-}2$ Collaboration},
  journal = {Phys. Rev. Lett.},
  volume = {126},
  issue = {14},
  pages = {141801},
  numpages = {11},
  year = {2021},
  month = {Apr},
  publisher = {American Physical Society},
  doi = {10.1103/PhysRevLett.126.141801},
  url = {https://link.aps.org/doi/10.1103/PhysRevLett.126.141801}
}

@article{Penzias1965,
  doi = {10.1086/148307},
  url = {https://doi.org/10.1086/148307},
  year = {1965},
  month = jul,
  publisher = {American Astronomical Society},
  volume = {142},
  pages = {419},
  author = {A. A. Penzias and R. W. Wilson},
  title = {A Measurement of Excess Antenna Temperature at 4080 Mc/s.},
  journal = {The Astrophysical Journal}
}

@article{Planck2018,
  doi = {10.1051/0004-6361/201833910},
  url = {https://doi.org/10.1051/0004-6361/201833910},
  year = {2020},
  month = sep,
  publisher = {{EDP} Sciences},
  volume = {641},
  pages = {A6},
  author = {N. Aghanim and Y. Akrami and M. Ashdown and others},
  title = {Planck 2018 results},
  journal = {Astronomy {\&} Astrophysics}
}

@article{Planck2013,
  doi = {10.1051/0004-6361/201321591},
  url = {https://doi.org/10.1051/0004-6361/201321591},
  year = {2014},
  month = oct,
  publisher = {{EDP} Sciences},
  volume = {571},
  pages = {A16},
  author = {P. A. R. Ade and N. Aghanim and C. Armitage-Caplan and others},
  title = {Planck2013 results. {XVI}. Cosmological parameters},
  journal = {Astronomy {\&} Astrophysics}
}

@article{Riess2020,
  doi = {10.3847/2041-8213/abdbaf},
  url = {https://doi.org/10.3847/2041-8213/abdbaf},
  year = {2021},
  month = feb,
  publisher = {American Astronomical Society},
  volume = {908},
  number = {1},
  pages = {L6},
  author = {Adam G. Riess and Stefano Casertano and Wenlong Yuan and others},
  title = {Cosmic Distances Calibrated to 1{\%} Precision with Gaia {EDR}3 Parallaxes and Hubble Space Telescope Photometry of 75 Milky Way Cepheids Confirm Tension with {$\Lambda$CDM}},
  journal = {The Astrophysical Journal}
}

@article{Samtleben2007,
  doi = {10.1146/annurev.nucl.54.070103.181232},
  url = {https://doi.org/10.1146/annurev.nucl.54.070103.181232},
  year = {2007},
  month = nov,
  publisher = {Annual Reviews},
  volume = {57},
  number = {1},
  pages = {245--283},
  author = {Dorothea Samtleben and Suzanne Staggs and Bruce Winstein},
  title = {The Cosmic Microwave Background for Pedestrians: A Review for Particle and Nuclear Physicists},
  journal = {Annual Review of Nuclear and Particle Science}
}

@misc{Trodden2004,
Author = {Mark Trodden and Sean M. Carroll},
Title = {TASI Lectures: Introduction to Cosmology},
Year = {2004},
Eprint = {arXiv:astro-ph/0401547},
}

@article{Verde2019,
  doi = {10.1038/s41550-019-0902-0},
  url = {https://doi.org/10.1038/s41550-019-0902-0},
  year = {2019},
  month = sep,
  publisher = {Springer Science and Business Media {LLC}},
  volume = {3},
  number = {10},
  pages = {891--895},
  author = {Licia Verde and Tommaso Treu and Adam G. Riess},
  title = {Tensions between the early and late Universe},
  journal = {Nature Astronomy}
}

@misc{Wikipedia,
  Author = {Wikipedia},
  howpublished = {\href{https://en.wikipedia.org/wiki/Angular_diameter_distance}{Angular diameter distance}}
}